@thesis{Zeus2024,
  author    = {Guilherme Zeus Dantas e Moura},
  title     = {Combinatorial Models for Key Polynomials and Atom Polynomials},
  type      = {Undergraduate Thesis},
  institution = {Haverford College},
  year      = 2024,
  month     = 5,
}

@book{Fulton1997,
  author    = {William Fulton},
  title     = {Young Tableaux},
  year      = 1997,
  publisher = {Cambridge University Press},
}